% This file was created with JabRef 2.7.
% Encoding: Cp1255

@BOOK{Levi1980,
  title = {Applied Optics},
  publisher = {Jhon Wiley \& Sons, Inc},
  year = {1980},
  author = {Leo Levi},
  volume = {2},
  owner = {amitibo},
  timestamp = {2011.11.30}
}

@MISC{BBradiance,
   author = "Mitchell Charity",
   title = "Blackbody color datafile",
   year = "2001",
   note = "[Online; accessed 6-August-2012]",
   url = {http://www.vendian.org/mncharity/dir3/blackbody/UnstableURLs/bbr_color.html}
}

@MISC{CGAtmosphere,
   author = "Mitchell Charity",
   title = "http://www.scratchapixel.com",
   year = "2011",
   note = "[Online; accessed 6-August-2012]",
   url = {http://www.scratchapixel.com/lessons/3d-advanced-lessons/simulating-the-colors-of-the-sky/atmospheric-scattering/}
}

@MISC{RGBcolor,
  owner = {amitibo},
  timestamp = {2011.12.01},
  url = {http://en.wikipedia.org/wiki/Color}
}

@MISC{sun_composition,
   author = "Wikipedia",
   title = "Sunlight --- Wikipedia{,} The Free Encyclopedia",
   year = "2012",
   url = "http://en.wikipedia.org/w/index.php?title=Sunlight&oldid=502554571",
   note = "[Online; accessed 6-August-2012]"
 }

@MISC{HG_function,
  owner = {amitibo},
  timestamp = {2011.12.01},
  url = {http://www.astro.umd.edu/~jph/HG_note.pdf}
}

@incollection{Martonchik2009,
author = {Martonchik, John V and Kahn, Ralph A and Diner, David J},
booktitle = {Satellite Aerosol Remote Sensing over Land},
doi = {10.1007/978-3-540-69397-0\_9},
editor = {Kokhanovsky, Alexander A and Leeuw, Gerrit},
isbn = {9783540693970},
pages = {267--293},
publisher = {Springer Berlin Heidelberg},
series = {Springer Praxis Books},
title = {{Retrieval of aerosol properties over land using MISR observations}},
url = {http://dx.doi.org/10.1007/978-3-540-69397-0\_9},
year = {2009}
}

@inproceedings{Nishita:1993:DET:166117.166140,
 author = {Nishita, Tomoyuki and Sirai, Takao and Tadamura, Katsumi and Nakamae, Eihachiro},
 title = {Display of the earth taking into account atmospheric scattering},
 booktitle = {Proceedings of the 20th annual conference on Computer graphics and interactive techniques},
 series = {SIGGRAPH '93},
 year = {1993},
 isbn = {0-89791-601-8},
 location = {Anaheim, CA},
 pages = {175--182},
 numpages = {8},
 url = {http://doi.acm.org/10.1145/166117.166140},
 doi = {10.1145/166117.166140},
 acmid = {166140},
 publisher = {ACM},
 address = {New York, NY, USA},
 keywords = {atmospheric scattering, color of water, earth, optical length, photo-realism, radiative transfer, sky light},
} 


@comment{jabref-meta: selector_review:}

@comment{jabref-meta: selector_publisher:}

@comment{jabref-meta: selector_author:}

@comment{jabref-meta: selector_journal:}

@comment{jabref-meta: selector_keywords:}

